<?xml version="1.0" encoding="UTF-8"?><collection xmlns="http://www.loc.gov/MARC21/slim"><record><leader>00442nam--2200133-i-4500</leader><controlfield tag="001">000016562</controlfield><controlfield tag="002">20161230</controlfield><controlfield tag="005">20161230201031</controlfield><controlfield tag="008">060222s1000------------r-----000-0-eng-d</controlfield><datafield ind1=" " ind2=" " tag="080"><subfield code="a">614.876:543.422.25(043)</subfield></datafield><datafield ind1=" " ind2=" " tag="100"><subfield code="a">Petcu, Ileana-mihaela</subfield></datafield><datafield ind1=" " ind2=" " tag="245"><subfield code="a">Studii rmn si spectrometrie uv-vis asupra modi ficarilor induse sistemelor biomoleculare de c ontaminarea interna cu tritiu. teza</subfield></datafield><datafield ind1=" " ind2=" " tag="260"><subfield code="a">Bucuresti, I.F.A., 1996. 157 P</subfield></datafield><datafield ind1=" " ind2=" " tag="852"><subfield code="a">80607</subfield></datafield></record></collection>